<record><leader>00000cas a22000007a 4500</leader><controlfield tag="001">24941261</controlfield><controlfield tag="008">911212d18661872ncuwr ne      0    0eng d</controlfield><datafield ind1=" " ind2=" " tag="010"><subfield code="a">sn 91068755 </subfield></datafield><datafield ind1=" " ind2=" " tag="040"><subfield code="a">NVJ</subfield><subfield code="b">eng</subfield><subfield code="c">NVJ</subfield><subfield code="d">MGN</subfield><subfield code="d">OCLCQ</subfield></datafield><datafield ind1=" " ind2=" " tag="042"><subfield code="a">msc</subfield></datafield><datafield ind1="0" ind2="4" tag="245"><subfield code="a">The Rutherford star.</subfield></datafield><datafield ind1=" " ind2=" " tag="260"><subfield code="a">Rutherfordton, N.C. :</subfield><subfield code="b">J.B. Carpenter &amp; R.W. Logan</subfield></datafield><datafield ind1=" " ind2=" " tag="300"><subfield code="a">v.</subfield></datafield><datafield ind1=" " ind2=" " tag="310"><subfield code="a">Weekly</subfield></datafield><datafield ind1="0" ind2=" " tag="362"><subfield code="a">Vol. 1, no. 1 (May 2, 1866)-v. 6, new ser., no. 22 (Apr. 20, 1872).</subfield></datafield><datafield ind1=" " ind2=" " tag="515"><subfield code="a">Suspended in Sept. 1867; resumed June 2, 1868.</subfield></datafield><datafield ind1=" " ind2=" " tag="515"><subfield code="a">Suspended Aug. 19, 1871; resumed Oct. 21, 1871.</subfield></datafield><datafield ind1=" " ind2=" " tag="752"><subfield code="a">United States</subfield><subfield code="b">North Carolina</subfield><subfield code="c">Rutherford</subfield><subfield code="d">Rutherfordton.</subfield></datafield></record>